@article{lewis2004rcv1,
  title={Rcv1: A new benchmark collection for text categorization research},
  author={Lewis, David D and Yang, Yiming and Rose, Tony G and Li, Fan},
  journal={Journal of machine learning research},
  volume={5},
  number={Apr},
  pages={361--397},
  year={2004}
}

@article{blei2003latent,
  title={Latent dirichlet allocation},
  author={Blei, David M and Ng, Andrew Y and Jordan, Michael I},
  journal={Journal of machine Learning research},
  volume={3},
  number={Jan},
  pages={993--1022},
  year={2003}
}

@inproceedings{nallapati2007parallelized,
  title={Parallelized variational EM for latent Dirichlet allocation: An experimental evaluation of speed and scalability},
  author={Nallapati, Ramesh and Cohen, William and Lafferty, John},
  booktitle={Data Mining Workshops, 2007. ICDM Workshops 2007. Seventh IEEE International Conference on},
  pages={349--354},
  year={2007},
  organization={IEEE}
}

@article{jelodar2017latent,
  title={Latent Dirichlet Allocation (LDA) and Topic modeling: models, applications, a survey},
  author={Jelodar, Hamed and Wang, Yongli and Yuan, Chi and Feng, Xia},
  journal={arXiv preprint arXiv:1711.04305},
  year={2017}
}

@misc{wilkinson1999parallel,
  title={Parallel programming},
  author={Wilkinson, Barry and Allen, Michael},
  year={1999},
  publisher={Prentice Hall Upper Saddle River, NJ}
}

@article{salloum2016big,
  title={Big data analytics on Apache Spark},
  author={Salloum, Salman and Dautov, Ruslan and Chen, Xiaojun and Peng, Patrick Xiaogang and Huang, Joshua Zhexue},
  journal={International Journal of Data Science and Analytics},
  volume={1},
  number={3-4},
  pages={145--164},
  year={2016},
  publisher={Springer}
}

@article{Jonnalagadda2016,
author = {Jonnalagadda, V Srinivas and Srikanth, P and Thumati, Krishnamachari and Nallamala, Sri Hari and Dist, Krishna},
keywords = {- apache spark,Apache Hadoop,Apache Spark,Big Data,MapReduce,Open Source,RDD,apache hadoop,big data,mapreduce,open source,rdd},
number = {3},
pages = {93--98},
title = {{A Review Study of Apache Spark in Big Data Processing}},
journal = {International Journal of Computer Science Trends and Technology(IJCST)},
volume = {4},
year = {2016}
}

@article{Zaharia2012,
archivePrefix = {arXiv},
arxivId = {EECS-2011-82},
author = {Zaharia, Matei and Chowdhury, Mosharaf and Das, Tathagata and Dave, Ankur},
doi = {10.1111/j.1095-8649.2005.00662.x},
eprint = {EECS-2011-82},
isbn = {978-931971-92-8},
issn = {00221112},
journal = {in NSDI’12 Proceedings of the 9th USENIX conference on Networked Systems Design and Implementation},
pages = {2--2},
pmid = {2011},
title = {{Resilient distributed datasets: A fault-tolerant abstraction for in-memory cluster computing}},
year = {2012}
}

@article{zaharia2010spark,
  title={Spark: Cluster computing with working sets.},
  author={Zaharia, Matei and Chowdhury, Mosharaf and Franklin, Michael J and Shenker, Scott and Stoica, Ion},
  journal={HotCloud'10 Proceedings of the 2nd USENIX conference on Hot topics in cloud computing},
  volume={10},
  number={10-10},
  pages={95},
  year={2010}
}

@book{karau2015learning,
  title={Learning spark: lightning-fast big data analysis},
  author={Karau, Holden and Konwinski, Andy and Wendell, Patrick and Zaharia, Matei},
  year={2015},
  publisher={" O'Reilly Media, Inc."}
}

@article{ranjani2016spark,
  title={Spark--An Efficient Framework for Large Scale Data Analytics},
  author={Ranjani, AC Priya and Sridhar, Dr M},
  journal={International Journal of Scientific \& Engineering Research},
  year={2016},
  volume={7},
  issue={2}
}

@article{gopalani2015comparing,
  title={Comparing apache spark and map reduce with performance analysis using k-means},
  author={Gopalani, Satish and Arora, Rohan},
  journal={International journal of computer applications},
  volume={113},
  number={1},
  year={2015},
  publisher={Foundation of Computer Science}
}

@article{bao2016large,
  title={Large-Scale Text Similarity Computing with Spark},
  author={Bao, Xiaoan and Dai, Shichao and Zhang, Na and Yu, Chenghai},
  journal={International Journal of Grid and Distributed Computing},
  volume={9},
  number={4},
  pages={95--100},
  year={2016}
}

@misc{spark:website,
	note = {The Apache Software Foundation. “Apache Spark - Lightning-Fast Cluster Computing,” \url{https://spark.apache.org/}}
}

@misc{website:databricks,
	note = {"A new high-level api for mllib,” \url{. https://databricks.com/blog/2015/01/
07/ml-pipelines-a-new-high-level-api-for-mllib.html}}
}

@book{nabi2016pro,
  title={Pro Spark Streaming: The Zen of Real-Time Analytics Using Apache Spark},
  author={Nabi, Zubair},
  year={2016},
  publisher={Apress}
}

@inproceedings{armbrust2015spark,
  title={Spark sql: Relational data processing in spark},
  author={Armbrust, Michael and Xin, Reynold S and Lian, Cheng and Huai, Yin and Liu, Davies and Bradley, Joseph K and Meng, Xiangrui and Kaftan, Tomer and Franklin, Michael J and Ghodsi, Ali and others},
  booktitle={Proceedings of the 2015 ACM SIGMOD International Conference on Management of Data},
  pages={1383--1394},
  year={2015},
  organization={ACM}
}

@article{armbrust2015scaling,
  title={Scaling spark in the real world: performance and usability},
  author={Armbrust, Michael and Das, Tathagata and Davidson, Aaron and Ghodsi, Ali and Or, Andrew and Rosen, Josh and Stoica, Ion and Wendell, Patrick and Xin, Reynold and Zaharia, Matei},
  journal={Proceedings of the VLDB Endowment},
  volume={8},
  number={12},
  pages={1840--1843},
  year={2015},
  publisher={VLDB Endowment}
}

@article{meng2016mllib,
  title={MLlib: Machine Learning in Apache Spark},
  author={Meng, Xiangrui and Bradley, Joseph and Yavuz, Burak and Sparks, Evan and Venkataraman, Shivaram and Liu, Davies and Freeman, Jeremy and Tsai, DB and Amde, Manish and Owen, Sean and others},
  journal={Journal of Machine Learning Research},
  volume={17},
  pages={1--7},
  year={2016}
}

@article{tripathy2015classification,
  title={Classification of Sentimental Reviews Using Machine Learning Techniques},
  author={Tripathy, Abinash and Agrawal, Ankit and Rath, Santanu Kumar},
  journal={Procedia Computer Science},
  volume={57},
  pages={821--829},
  year={2015},
  publisher={Elsevier}
}

@incollection{christen2007quality,
  title={Quality and complexity measures for data linkage and deduplication},
  author={Christen, Peter and Goiser, Karl},
  booktitle={Quality Measures in Data Mining},
  pages={127--151},
  year={2007},
  publisher={Springer}
}

@inproceedings{fox1989stop,
  title={A stop list for general text},
  author={Fox, Christopher},
  booktitle={Acm sigir forum},
  volume={24},
  number={1-2},
  pages={19--21},
  year={1989},
  organization={ACM}
}

@article{gibbs2002choosing,
  title={On choosing and bounding probability metrics},
  author={Gibbs, Alison L and Su, Francis Edward},
  journal={International statistical review},
  volume={70},
  number={3},
  pages={419--435},
  year={2002},
  publisher={Wiley Online Library}
}

@article{dean2010mapreduce,
  title={mapReduce: A flexible Data Processing Tool},
  author={DeAn, JeffReY},
  journal={communicATions of THe Acm},
  volume={53},
  number={1},
  year={2010}
}

@inproceedings{elsayed2008pairwise,
  title={Pairwise document similarity in large collections with MapReduce},
  author={Elsayed, Tamer and Lin, Jimmy and Oard, Douglas W},
  booktitle={Proceedings of the 46th Annual Meeting of the Association for Computational Linguistics on Human Language Technologies: Short Papers},
  pages={265--268},
  year={2008},
  organization={Association for Computational Linguistics}
}

@misc{website:densevectors,
	note = {"Spark Dense Vector", 			\url{https://gerardnico.com/db/spark/densevector}}
}

@misc{website:hadoop,
	note = {"Apache Hadoop ", \url{http://hadoop.apache.org/}}
}

@misc{website:documentation,
	note = {"Apache Spark official documentation of Python API”, \url{https://spark.apache.org/docs/latest/api/python/pyspark.mllib.html}}
}

@misc{website:pubmed,
	note = {"US National Library of Medicine”, \url{https://www.ncbi.nlm.nih.gov/pubmed}}
}

@article{weiss2000lightweight,
  title={Lightweight document matching for help-desk applications},
  author={Weiss, Sholom M and White, Brian F and Apte, Chidanand V and Damerau, Fredrick J},
  journal={IEEE Intelligent Systems and their Applications},
  volume={15},
  number={2},
  pages={57--61},
  year={2000},
  publisher={IEEE}
}



@inproceedings{minka2002expectation,
  title={Expectation-propagation for the generative aspect model},
  author={Minka, Thomas and Lafferty, John},
  booktitle={Proceedings of the Eighteenth conference on Uncertainty in artificial intelligence},
  pages={352--359},
  year={2002},
  organization={Morgan Kaufmann Publishers Inc.}
}

@article{griffiths2004finding,
  title={Finding scientific topics},
  author={Griffiths, Thomas L and Steyvers, Mark},
  journal={Proceedings of the National academy of Sciences},
  volume={101},
  number={suppl 1},
  pages={5228--5235},
  year={2004},
  publisher={National Acad Sciences}
}

@inproceedings{wang2009plda,
  title={Plda: Parallel latent dirichlet allocation for large-scale applications},
  author={Wang, Yi and Bai, Hongjie and Stanton, Matt and Chen, Wen-Yen and Chang, Edward Y},
  booktitle={International Conference on Algorithmic Applications in Management},
  pages={301--314},
  year={2009},
  organization={Springer}
}

@article{gomaa2013survey,
  title={A survey of text similarity approaches},
  author={Gomaa, Wael H and Fahmy, Aly A},
  journal={International Journal of Computer Applications},
  volume={68},
  number={13},
  year={2013},
  publisher={Foundation of Computer Science}
}

@misc{website:numpy,
	note = {"Scipy and Numpy Libraries”, \url{https://scipy.org/index.html}}
}

@misc{website:xmlspark,
	note = {Databricks,"XML Data Source for Apache Spark”, \url{https://scipy.org/index.html}}
}

@misc{website:py4j,
	note = {"PY4J- A bridge between Python and Java”, \url{https://www.py4j.org/}}
}

@misc{website:minidom,
	note = {"Lightweight Document Object Model implementation”, \url{https://docs.python.org/3.0/library/xml.dom.minidom.html}}
}

@book{gropp1999using,
  title={Using MPI: portable parallel programming with the message-passing interface},
  author={Gropp, William and Lusk, Ewing and Skjellum, Anthony},
  volume={1},
  year={1999}
}

@inproceedings{rus2013similarity,
  title={Similarity measures based on latent dirichlet allocation},
  author={Rus, Vasile and Niraula, Nobal and Banjade, Rajendra},
  booktitle={International Conference on Intelligent Text Processing and Computational Linguistics},
  pages={459--470},
  year={2013},
  organization={Springer}
}
